% Encoding: UTF-8

@Article{Bach2012Structured,
  author    = {Bach, Francis and Jenatton, Rodolphe and Mairal, Julien and Obozinski, Guillaume and others},
  title     = {Structured sparsity through convex optimization},
  journal   = {Statistical Science},
  year      = {2012},
  volume    = {27},
  number    = {4},
  pages     = {450--468},
  groups    = {L1inf},
  publisher = {Institute of Mathematical Statistics},
}

@Article{Bertsekas2003Convex,
  Title                    = {Convex analysis and optimization},
  Author                   = {Bertsekas, Dimitri P and Nedi, Angelia and Ozdaglar, Asuman E and others},
  Year                     = {2003},

  Publisher                = {Athena Scientific}
}

@Book{Bishop2006Pattern,
  title     = {Pattern Recognition and Machine Learning},
  publisher = {Springer-Verlag New York, Inc.},
  year      = {2006},
  author    = {Bishop, Christopher M.},
  address   = {Secaucus, NJ, USA},
  isbn      = {0387310738},
}

@InCollection{Bogolubsky2016Learning,
  Title                    = {Learning Supervised PageRank with Gradient-Based and Gradient-Free Optimization Methods},
  Author                   = {Bogolubsky, Lev and Dvurechensky, Pavel and Gasnikov, Alexander and Gusev, Gleb and Nesterov, Yurii and Raigorodskii, Andrei M and Tikhonov, Aleksey and Zhukovskii, Maksim},
  Booktitle                = {Advances in Neural Information Processing Systems 29},
  Publisher                = {Curran Associates, Inc.},
  Year                     = {2016},
  Editor                   = {D. D. Lee and M. Sugiyama and U. V. Luxburg and I. Guyon and R. Garnett},
  Pages                    = {4907--4915}
}

@InProceedings{Bordes2007Solving,
  author       = {Bordes, Antoine and Bottou, L{\'e}on and Gallinari, Patrick and Weston, Jason},
  title        = {Solving multiclass support vector machines with LaRank},
  booktitle    = {Proceedings of the 24th international conference on Machine learning},
  year         = {2007},
  pages        = {89--96},
  organization = {ACM},
}

@Book{Borwein2010Convex,
  Title                    = {Convex analysis and nonlinear optimization: theory and examples},
  Author                   = {Borwein, Jonathan and Lewis, Adrian S},
  Publisher                = {Springer Science \& Business Media},
  Year                     = {2010}
}

@InProceedings{Boyd2012Accuracy,
  Title                    = {Accuracy at the top},
  Author                   = {Boyd, Stephen and Cortes, Corinna and Mohri, Mehryar and Radovanovic, Ana},
  Booktitle                = {Advances in neural information processing systems},
  Year                     = {2012},
  Pages                    = {953--961}
}

@Article{Brugnano2008Iterative,
  Title                    = {Iterative solution of piecewise linear systems},
  Author                   = {Brugnano, Luigi and Casulli, Vincenzo},
  Journal                  = {SIAM Journal on Scientific Computing},
  Year                     = {2008},
  Number                   = {1},
  Pages                    = {463--472},
  Volume                   = {30},

  Publisher                = {SIAM}
}

@InProceedings{Cai2007Exploiting,
  Title                    = {Exploiting Known Taxonomies in Learning Overlapping Concepts.},
  Author                   = {Cai, Lijuan and Hofmann, Thomas},
  Booktitle                = {IJCAI},
  Year                     = {2007},
  Pages                    = {708--713},
  Volume                   = {7}
}

@Article{Chan2010Efficient,
  Title                    = {An Efficient Two-Phase L1-TV Method for Restoring Blurred Images with Impulse Noise},
  Author                   = {Chan, Raymond H and Dong, Yiqiu and Hintermuller, Michael},
  Journal                  = {IEEE Transactions on Image Processing},
  Year                     = {2010},
  Number                   = {7},
  Pages                    = {1731--1739},
  Volume                   = {19},

  Publisher                = {IEEE}
}

@InProceedings{Chen2009Accelerated,
  Title                    = {Accelerated gradient method for multi-task sparse learning problem},
  Author                   = {Chen, Xi and Pan, Weike and Kwok, James T and Carbonell, Jaime G},
  Booktitle                = {Data Mining, 2009. ICDM'09. Ninth IEEE International Conference on},
  Year                     = {2009},
  Organization             = {IEEE},
  Pages                    = {746--751}
}

@Article{Chen2016semismooth,
  Title                    = {A semismooth Newton method for tensor eigenvalue complementarity problem},
  Author                   = {Chen, Zhongming and Qi, Liqun},
  Journal                  = {Computational Optimization and Applications},
  Year                     = {2016},
  Number                   = {1},
  Pages                    = {109--126},
  Volume                   = {65},

  Publisher                = {Springer}
}

@InProceedings{Christakopoulou2015Collaborative,
  Title                    = {Collaborative Ranking with a Push at the Top},
  Author                   = {Christakopoulou, Konstantina and Banerjee, Arindam},
  Booktitle                = {Proceedings of the 24th International Conference on World Wide Web},
  Year                     = {2015},
  Organization             = {ACM},
  Pages                    = {205--215}
}

@Book{Clarke1990Optimization,
  Title                    = {Optimization and nonsmooth analysis},
  Author                   = {Clarke, Frank H},
  Publisher                = {SIAM},
  Year                     = {1990}
}

@Article{Cominetti2014Newtons,
  Title                    = {A Newton's method for the continuous quadratic knapsack problem},
  Author                   = {Cominetti, Roberto and Mascarenhas, Walter F and Silva, Paulo JS},
  Journal                  = {Mathematical Programming Computation},
  Year                     = {2014},
  Number                   = {2},
  Pages                    = {151--169},
  Volume                   = {6}
}

@Article{Condat2014Fast,
  Title                    = {Fast Projection onto the Simplex and the l1 Ball},
  Author                   = {Condat, Laurent},
  Journal                  = {Mathematical Programming Series A},
  Year                     = {2014}
}

@Book{Cormen2009Introduction,
  title     = {Introduction to algorithms},
  publisher = {MIT press},
  year      = {2009},
  author    = {Cormen, Thomas H},
}

@Article{Crammer2001algorithmic,
  author    = {Crammer, K. and Singer, Y.},
  title     = {On the algorithmic implementation of multiclass kernel-based vector machines},
  journal   = {Journal of Machine Learning Research},
  year      = {2001},
  volume    = {2},
  pages     = {265--292},
  groups    = {topk},
  owner     = {Lambor},
  publisher = {MIT Press},
  timestamp = {2017.03.01},
}

@Article{Cruz2017semi,
  author  = {J.Y. Bello Cruz and O.P. Ferreira and S.Z. NÃ©meth and L.F. Prudente},
  title   = {A semi-smooth Newton method for projection equations and linear complementarity problems with respect to the second order cone},
  journal = {Linear Algebra and its Applications},
  year    = {2017},
  volume  = {513},
  pages   = {160 - 181},
}

@InProceedings{Csiba2015Stochastic,
  Title                    = {Stochastic Dual Coordinate Ascent with Adaptive Probabilities},
  Author                   = {Csiba, Dominik and Qu, Zheng and Richtarik, Peter},
  Booktitle                = {Proceedings of the 32nd International Conference on Machine Learning (ICML-15)},
  Year                     = {2015},
  Pages                    = {674--683},

  Groups                   = {SDCA}
}

@Article{Dai2006New,
  Title                    = {New algorithms for singly linearly constrained quadratic programs subject to lower and upper bounds},
  Author                   = {Dai, Yu-Hong and Fletcher, Roger},
  Journal                  = {Mathematical Programming},
  Year                     = {2006},
  Number                   = {3},
  Pages                    = {403--421},
  Volume                   = {106},

  Publisher                = {Springer}
}

@Article{Davis2016Efficient,
  Title                    = {An Efficient Hybrid Algorithm for the Separable Convex Quadratic Knapsack Problem},
  Author                   = {Davis, Timothy A and Hager, William W and Hungerford, James T},
  Journal                  = {ACM Transactions on Mathematical Software (TOMS)},
  Year                     = {2016},
  Number                   = {3},
  Pages                    = {22},
  Volume                   = {42},

  Owner                    = {Lambor},
  Publisher                = {ACM},
  Timestamp                = {2016.09.22}
}

@Article{DeLuca1996semismooth,
  Title                    = {A semismooth equation approach to the solution of nonlinear complementarity problems},
  Author                   = {De Luca, Tecla and Facchinei, Francisco and Kanzow, Christian},
  Journal                  = {Mathematical programming},
  Year                     = {1996},
  Number                   = {3},
  Pages                    = {407--439},
  Volume                   = {75},

  Publisher                = {Springer}
}

@Article{Deng2010What,
  Title                    = {What does classifying more than 10,000 image categories tell us?},
  Author                   = {Deng, Jia and Berg, Alexander and Li, Kai and Fei-Fei, Li},
  Journal                  = {Computer Vision--ECCV 2010},
  Year                     = {2010},
  Pages                    = {71--84},

  Publisher                = {Springer}
}

@InProceedings{Duchi2008Efficient,
  author       = {Duchi, John and Shalev-Shwartz, Shai and Singer, Yoram and Chandra, Tushar},
  title        = {Efficient projections onto the L1-ball for learning in high dimensions},
  booktitle    = {Proceedings of the 25th international conference on Machine learning},
  year         = {2008},
  pages        = {272--279},
  organization = {ACM},
}

@Book{Facchinei2003Finite,
  Title                    = {Finite-dimensional variational inequalities and complementarity problems},
  Author                   = {Facchinei, Francisco and Pang, Jong-Shi},
  Publisher                = {Springer-Verlag, New York},
  Year                     = {2003}
}

@Article{Fan2008LIBLINEAR,
  Title                    = {LIBLINEAR: A library for large linear classification},
  Author                   = {Fan, Rong-En and Chang, Kai-Wei and Hsieh, Cho-Jui and Wang, Xiang-Rui and Lin, Chih-Jen},
  Journal                  = {Journal of machine learning research},
  Year                     = {2008},
  Number                   = {Aug},
  Pages                    = {1871--1874},
  Volume                   = {9}
}

@Article{Fei-Fei2007Learning,
  Title                    = {Learning generative visual models from few training examples: An incremental bayesian approach tested on 101 object categories},
  Author                   = {Fei-Fei, Li and Fergus, Rob and Perona, Pietro},
  Journal                  = {Computer vision and Image understanding},
  Year                     = {2007},
  Number                   = {1},
  Pages                    = {59--70},
  Volume                   = {106},

  Publisher                = {Elsevier}
}

@Article{Ferris2004Semismooth,
  Title                    = {Semismooth support vector machines},
  Author                   = {Ferris, Michael C and Munson, Todd S},
  Journal                  = {Mathematical Programming},
  Year                     = {2004},
  Number                   = {1},
  Pages                    = {185--204},
  Volume                   = {101},

  Publisher                = {Springer}
}

@Article{Goebel2008Local,
  Title                    = {Local strong convexity and local Lipschitz continuity of the gradient of convex functions},
  Author                   = {Goebel, Rafal and Rockafellar, R Tyrrell},
  Journal                  = {Journal of Convex Analysis},
  Year                     = {2008},
  Number                   = {2},
  Pages                    = {263},
  Volume                   = {15},

  Publisher                = {HELDERMANN VERLAG LANGER GRABEN 17, 32657 LEMGO, GERMANY}
}

@Article{Gong2011Efficient,
  Title                    = {Efficient euclidean projections via piecewise root finding and its application in gradient projection},
  Author                   = {Gong, Pinghua and Gai, Kun and Zhang, Changshui},
  Journal                  = {Neurocomputing},
  Year                     = {2011},
  Number                   = {17},
  Pages                    = {2754--2766},
  Volume                   = {74},

  Publisher                = {Elsevier}
}

@Article{Griesse2008semismooth,
  Title                    = {A semismooth Newton method for Tikhonov functionals with sparsity constraints},
  Author                   = {R Griesse and D A Lorenz},
  Journal                  = {Inverse Problems},
  Year                     = {2008},
  Number                   = {3},
  Pages                    = {035007},
  Volume                   = {24}
}

@Article{Hager2016Projection,
  Title                    = {Projection onto a Polyhedron that Exploits Sparsity},
  Author                   = {William W. Hager and Hongchao Zhang},
  Journal                  = {SIAM Journal on Optimization},
  Year                     = {2016},
  Number                   = {3},
  Pages                    = {1773-1798},
  Volume                   = {26},

  Owner                    = {Lambor},
  Review                   = {1. codes},
  Timestamp                = {2016.09.22}
}

@Article{Hans2015Global,
  Title                    = {Global convergence of damped semismooth Newton methods for L1 Tikhonov regularization},
  Author                   = {Esther Hans and Thorsten Raasch},
  Journal                  = {Inverse Problems},
  Year                     = {2015},
  Number                   = {2},
  Pages                    = {025005},
  Volume                   = {31}
}

@InProceedings{He2016Deep,
  Title                    = {Deep residual learning for image recognition},
  Author                   = {He, Kaiming and Zhang, Xiangyu and Ren, Shaoqing and Sun, Jian},
  Booktitle                = {Proceedings of the IEEE Conference on Computer Vision and Pattern Recognition},
  Year                     = {2016},
  Pages                    = {770--778}
}

@Article{Heins2014Locally,
  Title                    = {Locally Sparse Reconstruction using L^{1,$\infty$}-Norms},
  Author                   = {Heins, Pia and Moeller, Michael and Burger, Martin},
  Journal                  = {arXiv preprint arXiv:1405.5908},
  Year                     = {2014}
}

@Article{Hintermueller2010Semismooth,
  Title                    = {Semismooth Newton methods and applications},
  Author                   = {Hinterm{\"u}ller, Michael},
  Journal                  = {Department of Mathematics, Humboldt-University of Berlin},
  Year                     = {2010}
}

@InProceedings{Hsieh2008dual,
  Title                    = {A dual coordinate descent method for large-scale linear SVM},
  Author                   = {Hsieh, Cho-Jui and Chang, Kai-Wei and Lin, Chih-Jen and Keerthi, S Sathiya and Sundararajan, Sellamanickam},
  Booktitle                = {Proceedings of the 25th international conference on Machine learning},
  Year                     = {2008},
  Organization             = {ACM},
  Pages                    = {408--415}
}

@InProceedings{Hsieh2015Passcode,
  Title                    = {Passcode: Parallel asynchronous stochastic dual co-ordinate descent},
  Author                   = {Hsieh, Cho-Jui and Yu, Hsiang-Fu and Dhillon, Inderjit},
  Booktitle                = {International Conference on Machine Learning},
  Year                     = {2015},
  Pages                    = {2370--2379}
}

@Article{Hsu2002comparison,
  author    = {Hsu, Chih-Wei and Lin, Chih-Jen},
  title     = {A comparison of methods for multiclass support vector machines},
  journal   = {IEEE transactions on Neural Networks},
  year      = {2002},
  volume    = {13},
  number    = {2},
  pages     = {415--425},
  groups    = {topk},
  publisher = {IEEE},
}

@PhdThesis{Iyer2015Submodular,
  Title                    = {Submodular Optimization and Machine Learning: Theoretical Results, Unifying and Scalable Algorithms, and Applications},
  Author                   = {Iyer, Rishabh Krishnan},
  Year                     = {2015}
}

@InProceedings{Jaggi2014Communication,
  Title                    = {Communication-efficient distributed dual coordinate ascent},
  Author                   = {Jaggi, Martin and Smith, Virginia and Tak{\'a}c, Martin and Terhorst, Jonathan and Krishnan, Sanjay and Hofmann, Thomas and Jordan, Michael I},
  Booktitle                = {Advances in Neural Information Processing Systems},
  Year                     = {2014},
  Pages                    = {3068--3076}
}

@Article{Joachims2009Cutting,
  Title                    = {Cutting-Plane Training of Structural SVMs},
  Author                   = {T. Joachims and T. Finley and Chun-Nam Yu},
  Journal                  = {Machine Learning},
  Year                     = {2009},
  Number                   = {1},
  Pages                    = {27-59},
  Volume                   = {77},

  Owner                    = {Lambor},
  Timestamp                = {2016.11.27}
}

@Article{Kanzow2004Inexact,
  Title                    = {Inexact semismooth Newton methods for large-scale complementarity problems},
  Author                   = {Kanzow, Christian},
  Journal                  = {Optimization Methods and Software},
  Year                     = {2004},
  Number                   = {3-4},
  Pages                    = {309--325},
  Volume                   = {19},

  Publisher                = {Taylor \& Francis}
}

@InProceedings{Kar2015Surrogate,
  Title                    = {Surrogate Functions for Maximizing Precision at the Top},
  Author                   = {Kar, Purushottam and Narasimhan, Harikrishna and Jain, Prateek},
  Booktitle                = {Proceedings of the 32nd International Conference on Machine Learning (ICML-15)},
  Year                     = {2015},
  Pages                    = {189--198}
}

@Article{Keerthi2002Convergence,
  Title                    = {Convergence of a Generalized SMO Algorithm for SVM Classifier Design},
  Author                   = {Keerthi, S. S. and Gilbert, E. G.},
  Journal                  = {Mach. Learn.},
  Year                     = {2002},
  Number                   = {1-3},
  Pages                    = {351--360},
  Volume                   = {46},

  Publisher                = {Kluwer Academic Publishers}
}

@Article{Kiwiel2008Variable,
  Title                    = {Variable fixing algorithms for the continuous quadratic knapsack problem},
  Author                   = {Kiwiel, KC},
  Journal                  = {Journal of Optimization Theory and Applications},
  Year                     = {2008},
  Number                   = {3},
  Pages                    = {445--458},
  Volume                   = {136},

  Owner                    = {Lambor},
  Publisher                = {Springer},
  Timestamp                = {2016.09.22}
}

@Article{Kiwiel2008Breakpoint,
  Title                    = {Breakpoint searching algorithms for the continuous quadratic knapsack problem},
  Author                   = {Kiwiel, Krzysztof C},
  Journal                  = {Mathematical Programming},
  Year                     = {2008},
  Number                   = {2},
  Pages                    = {473--491},
  Volume                   = {112},

  Owner                    = {Lambor},
  Publisher                = {Springer},
  Timestamp                = {2016.09.22}
}

@Article{Kojima1986Extensions,
  Title                    = {Extensions of Newton and quasi-Newton methods to systems of PC 1 equations},
  Author                   = {Kojima, Masakazu and Shindoh, Susumu},
  Journal                  = {Journal of Operations Research Society of Japan},
  Year                     = {1986},
  Number                   = {4},
  Pages                    = {352-374},
  Volume                   = {136}
}

@InProceedings{Konecny2014S2cd,
  Title                    = {S2cd: Semi-stochastic coordinate descent},
  Author                   = {Konecn{\`y}, Jakub and Qu, Zheng and Richt{\'a}rik, Peter},
  Booktitle                = {NIPS Optimization in Machine Learning workshop},
  Year                     = {2014}
}

@Article{Krishnan2007primal,
  Title                    = {A primal-dual active-set method for non-negativity constrained total variation deblurring problems},
  Author                   = {Krishnan, Dilip and Lin, Ping and Yip, Andy M},
  Journal                  = {IEEE Transactions on Image Processing},
  Year                     = {2007},
  Number                   = {11},
  Pages                    = {2766--2777},
  Volume                   = {16},

  Publisher                = {IEEE}
}

@InProceedings{Krizhevsky2012Imagenet,
  Title                    = {Imagenet classification with deep convolutional neural networks},
  Author                   = {Krizhevsky, Alex and Sutskever, Ilya and Hinton, Geoffrey E},
  Booktitle                = {Advances in neural information processing systems},
  Year                     = {2012},
  Pages                    = {1097--1105}
}

@Article{Kummer1988Newtons,
  Title                    = {Newton's method for non-differentiable functions},
  Author                   = {Kummer, Bernd and others},
  Journal                  = {Advances in mathematical optimization},
  Year                     = {1988},
  Pages                    = {114--125},
  Volume                   = {45},

  Publisher                = {Akademie-Verlag Berlin}
}

@InProceedings{Lapin2016Loss,
  Title                    = {Loss Functions for Top-k Error: Analysis and Insights},
  Author                   = {Lapin, Maksim and Hein, Matthias and Schiele, Bernt},
  Booktitle                = {29th IEEE Conference on Computer Vision and Pattern Recognition (CVPR 2016)},
  Year                     = {2016},

  Address                  = {Las Vegas, NV, USA},
  Pages                    = {1468--1477},
  Publisher                = {IEEE Computer Society}
}

@InProceedings{Lapin2015Top,
  author    = {Lapin, Maksim and Hein, Matthias and Schiele, Bernt},
  title     = {Top-k Multiclass SVM},
  booktitle = {Advances in Neural Information Processing Systems},
  year      = {2015},
  pages     = {325--333},
  groups    = {topk},
}

@Manual{Liu2009SLEP,
  Title                    = {SLEP: Sparse Learning with Efficient Projections},
  Author                   = {J. Liu and S. Ji and J. Ye},
  Organization             = {Arizona State University},
  Year                     = {2009},

  Owner                    = {Lambor},
  Timestamp                = {2016.09.22},
  Url                      = {http://www.public.asu.edu/~jye02/Software/SLEP}
}

@InProceedings{Liu2009Efficient,
  Title                    = {Efficient Euclidean projections in linear time},
  Author                   = {Liu, Jun and Ye, Jieping},
  Booktitle                = {Proceedings of the 26th Annual International Conference on Machine Learning},
  Year                     = {2009},
  Organization             = {ACM},
  Pages                    = {657--664},

  Owner                    = {Lambor},
  Timestamp                = {2016.09.22}
}

@Article{Mifflin1977Semismooth,
  Title                    = {Semismooth and semiconvex functions in constrained optimization},
  Author                   = {Mifflin, Robert},
  Journal                  = {SIAM Journal on Control and Optimization},
  Year                     = {1977},
  Number                   = {6},
  Pages                    = {959--972},
  Volume                   = {15},

  Publisher                = {SIAM}
}

@Article{Nesterov2012Efficiency,
  Title                    = {Efficiency of coordinate descent methods on huge-scale optimization problems},
  Author                   = {Nesterov, Yu},
  Journal                  = {SIAM Journal on Optimization},
  Year                     = {2012},
  Number                   = {2},
  Pages                    = {341--362},
  Volume                   = {22},

  Publisher                = {SIAM}
}

@Article{Ng2007semismooth,
  Title                    = {On semismooth Newton's methods for total variation minimization},
  Author                   = {Ng, Michael K and Qi, Liqun and Yang, Yu-Fei and Huang, Yu-Mei},
  Journal                  = {Journal of Mathematical Imaging and Vision},
  Year                     = {2007},
  Number                   = {3},
  Pages                    = {265--276},
  Volume                   = {27},

  Publisher                = {Springer}
}

@InProceedings{Nilsback2008Automated,
  Title                    = {Automated flower classification over a large number of classes},
  Author                   = {Nilsback, Maria-Elena and Zisserman, Andrew},
  Booktitle                = {Computer Vision, Graphics \& Image Processing, 2008. ICVGIP'08. Sixth Indian Conference on},
  Year                     = {2008},
  Organization             = {IEEE},
  Pages                    = {722--729}
}

@Article{Ogryczak2003Minimizing,
  Title                    = {Minimizing the sum of the k largest functions in linear time},
  Author                   = {Ogryczak, Wlodzimierz and Tamir, Arie},
  Journal                  = {Information Processing Letters},
  Year                     = {2003},
  Number                   = {3},
  Pages                    = {117--122},
  Volume                   = {85},

  Publisher                = {Elsevier}
}

@Book{Ortega1970Iterative,
  Title                    = {Iterative solution of nonlinear equations in several variables},
  Author                   = {Ortega, James M and Rheinboldt, Werner C},
  Publisher                = {Siam},
  Year                     = {1970},
  Volume                   = {30}
}

@Article{Patriksson2015Algorithms,
  Title                    = {Algorithms for the continuous nonlinear resource allocation problemâNew implementations and numerical studies},
  Author                   = {Michael Patriksson and Christoffer StrÃ¶mberg},
  Journal                  = {European Journal of Operational Research},
  Year                     = {2015},
  Number                   = {3},
  Pages                    = {703 - 722},
  Volume                   = {243},

  Owner                    = {Lambor},
  Timestamp                = {2016.09.22}
}

@Article{Qi1997Semismooth,
  Title                    = {Semismooth Karush-Kuhn-Tucker equations and convergence analysis of Newton and quasi-Newton methods for solving these equations},
  Author                   = {Qi, Liqun and Jiang, Houyuan},
  Journal                  = {Mathematics of Operations Research},
  Year                     = {1997},
  Number                   = {2},
  Pages                    = {301--325},
  Volume                   = {22},

  Publisher                = {INFORMS}
}

@InCollection{Qi1999survey,
  Title                    = {A survey of some nonsmooth equations and smoothing Newton methods},
  Author                   = {Qi, Liqun and Sun, Defeng},
  Booktitle                = {Progress in optimization},
  Publisher                = {Springer},
  Year                     = {1999},
  Pages                    = {121--146}
}

@Article{Qi1993nonsmooth,
  Title                    = {A nonsmooth version of Newton's method},
  Author                   = {Qi, Liqun and Sun, Jie},
  Journal                  = {Mathematical programming},
  Year                     = {1993},
  Number                   = {1-3},
  Pages                    = {353--367},
  Volume                   = {58},

  Publisher                = {Springer}
}

@InProceedings{Qu2015Quartz,
  Title                    = {Quartz: Randomized dual coordinate ascent with arbitrary sampling},
  Author                   = {Qu, Zheng and Richt{\'a}rik, Peter and Zhang, Tong},
  Booktitle                = {Advances in neural information processing systems},
  Year                     = {2015},
  Pages                    = {865--873},

  Groups                   = {SDCA}
}

@InProceedings{Quattoni2009efficient,
  Title                    = {An efficient projection for l 1,â regularization},
  Author                   = {Quattoni, Ariadna and Carreras, Xavier and Collins, Michael and Darrell, Trevor},
  Booktitle                = {Proceedings of the 26th Annual International Conference on Machine Learning},
  Year                     = {2009},
  Organization             = {ACM},
  Pages                    = {857--864},

  Owner                    = {Lambor},
  Timestamp                = {2016.09.22}
}

@InProceedings{Quattoni2009Recognizing,
  Title                    = {Recognizing indoor scenes},
  Author                   = {Quattoni, Ariadna and Torralba, Antonio},
  Booktitle                = {Computer Vision and Pattern Recognition, 2009. CVPR 2009. IEEE Conference on},
  Year                     = {2009},
  Organization             = {IEEE},
  Pages                    = {413--420}
}

@Article{Richtarik2014Iteration,
  Title                    = {Iteration complexity of randomized block-coordinate descent methods for minimizing a composite function},
  Author                   = {Richt{\'a}rik, Peter and Tak{\'a}{\v{c}}, Martin},
  Journal                  = {Mathematical Programming},
  Year                     = {2014},
  Number                   = {1-2},
  Pages                    = {1--38},
  Volume                   = {144},

  Publisher                = {Springer}
}

@Article{Rifkin2004In,
  Title                    = {In defense of one-vs-all classification},
  Author                   = {Rifkin, Ryan and Klautau, Aldebaro},
  Journal                  = {Journal of machine learning research},
  Year                     = {2004},
  Number                   = {Jan},
  Pages                    = {101--141},
  Volume                   = {5}
}

@Article{Rocha2014Multiclass,
  Title                    = {Multiclass from binary: Expanding one-versus-all, one-versus-one and ecoc-based approaches},
  Author                   = {Rocha, Anderson and Goldenstein, Siome Klein},
  Journal                  = {IEEE Transactions on Neural Networks and Learning Systems},
  Year                     = {2014},
  Number                   = {2},
  Pages                    = {289--302},
  Volume                   = {25},

  Publisher                = {IEEE}
}

@Article{Russakovsky2015Imagenet,
  Title                    = {Imagenet large scale visual recognition challenge},
  Author                   = {Russakovsky, Olga and Deng, Jia and Su, Hao and Krause, Jonathan and Satheesh, Sanjeev and Ma, Sean and Huang, Zhiheng and Karpathy, Andrej and Khosla, Aditya and Bernstein, Michael and others},
  Journal                  = {International Journal of Computer Vision},
  Year                     = {2015},
  Number                   = {3},
  Pages                    = {211--252},
  Volume                   = {115},

  Publisher                = {Springer}
}

@Article{Saha2013nonasymptotic,
  Title                    = {On the nonasymptotic convergence of cyclic coordinate descent methods},
  Author                   = {Saha, Ankan and Tewari, Ambuj},
  Journal                  = {SIAM Journal on Optimization},
  Year                     = {2013},
  Number                   = {1},
  Pages                    = {576--601},
  Volume                   = {23},

  Publisher                = {SIAM}
}

@Article{Shalev-Shwartz2016Accelerated,
  Title                    = {Accelerated proximal stochastic dual coordinate ascent for regularized loss minimization},
  Author                   = {Shalev-Shwartz, Shai and Zhang, Tong},
  Journal                  = {Mathematical Programming},
  Year                     = {2016},
  Number                   = {1},
  Pages                    = {105--145},
  Volume                   = {155},

  Groups                   = {SDCA},
  Owner                    = {Lambor},
  Timestamp                = {2016.09.22}
}

@InProceedings{Shalev-Shwartz2014Accelerated,
  Title                    = {Accelerated Proximal Stochastic Dual Coordinate Ascent for Regularized Loss Minimization},
  Author                   = {Shalev-Shwartz, Shai and Zhang, Tong},
  Booktitle                = {Proceedings of The 31st International Conference on Machine Learning},
  Year                     = {2014},
  Pages                    = {64--72},

  Groups                   = {SDCA}
}

@Article{Shalev-Shwartz2013Stochastic,
  Title                    = {Stochastic dual coordinate ascent methods for regularized loss minimization},
  Author                   = {Shalev-Shwartz, Shai and Zhang, Tong},
  Journal                  = {Journal of Machine Learning Research},
  Year                     = {2013},
  Number                   = {Feb},
  Pages                    = {567--599},
  Volume                   = {14},

  Groups                   = {SDCA}
}

@Article{Simonyan2014Very,
  Title                    = {Very deep convolutional networks for large-scale image recognition},
  Author                   = {Simonyan, Karen and Zisserman, Andrew},
  Journal                  = {arXiv preprint arXiv:1409.1556},
  Year                     = {2014}
}

@Article{Sra2012Fast,
  Title                    = {Fast projections onto mixed-norm balls with applications},
  Author                   = {Sra, Suvrit},
  Journal                  = {Data Mining and Knowledge Discovery},
  Year                     = {2012},
  Number                   = {2},
  Pages                    = {358--377},
  Volume                   = {25},

  Publisher                = {Springer}
}

@InCollection{Sra2011Fast,
  Title                    = {Fast projections onto â1, q-norm balls for grouped feature selection},
  Author                   = {Sra, Suvrit},
  Booktitle                = {Machine learning and knowledge discovery in databases},
  Publisher                = {Springer},
  Year                     = {2011},
  Pages                    = {305--317}
}

@InProceedings{Su2012Efficient,
  Title                    = {Efficient euclidean projections onto the intersection of norm balls},
  Author                   = {Su, Hao and Yu, W and Li, FF},
  Booktitle                = {Proceedings of the 29th International Conference on Machine Learning, ICML-12},
  Year                     = {2012},
  Organization             = {International Machine Learning Society.},
  Pages                    = {433--440},
  Volume                   = {1},

  Owner                    = {Lambor},
  Timestamp                = {2016.09.22}
}

@InProceedings{Sun2014Structure,
  author    = {Sun, Xu},
  title     = {Structure regularization for structured prediction},
  booktitle = {Advances in Neural Information Processing Systems},
  year      = {2014},
  pages     = {2402--2410},
  groups    = {L1inf},
}

@InProceedings{Szegedy2015Going,
  Title                    = {Going deeper with convolutions},
  Author                   = {Szegedy, Christian and Liu, Wei and Jia, Yangqing and Sermanet, Pierre and Reed, Scott and Anguelov, Dragomir and Erhan, Dumitru and Vanhoucke, Vincent and Rabinovich, Andrew},
  Booktitle                = {Proceedings of the IEEE Conference on Computer Vision and Pattern Recognition},
  Year                     = {2015},
  Pages                    = {1--9}
}

@Article{Tandon2010Sparse,
  Title                    = {Sparse nonnegative matrix approximation: new formulations and algorithms},
  Author                   = {Tandon, Rashish and Sra, Suvrit},
  Journal                  = {Rapport technique},
  Year                     = {2010},
  Pages                    = {38--42},
  Volume                   = {193}
}

@Article{Tsochantaridis2005Large,
  Title                    = {Large margin methods for structured and interdependent output variables},
  Author                   = {Tsochantaridis, I and Joachims, T and Hofmann, T and Altun, Y},
  Journal                  = {JOURNAL OF MACHINE LEARNING RESEARCH},
  Year                     = {2005},
  Pages                    = {1453-1484},
  Volume                   = {6},

  Owner                    = {Lambor},
  Timestamp                = {2017.03.01}
}

@Book{Ulbrich2011Semismooth,
  Title                    = {Semismooth Newton methods for variational inequalities and constrained optimization problems in function spaces},
  Author                   = {Ulbrich, Michael},
  Publisher                = {SIAM},
  Year                     = {2011}
}

@InProceedings{Usunier2009Ranking,
  Title                    = {Ranking with ordered weighted pairwise classification},
  Author                   = {Usunier, Nicolas and Buffoni, David and Gallinari, Patrick},
  Booktitle                = {Proceedings of the 26th annual international conference on machine learning},
  Year                     = {2009},
  Organization             = {ACM},
  Pages                    = {1057--1064}
}

@InProceedings{Vedaldi2015Matconvnet,
  Title                    = {Matconvnet: Convolutional neural networks for matlab},
  Author                   = {Vedaldi, Andrea and Lenc, Karel},
  Booktitle                = {Proceedings of the 23rd ACM international conference on Multimedia},
  Year                     = {2015},
  Organization             = {ACM},
  Pages                    = {689--692}
}

@InCollection{Vogt2010group,
  Title                    = {The group-lasso: â1,â regularization versus â1, 2 regularization},
  Author                   = {Vogt, Julia E and Roth, Volker},
  Booktitle                = {Pattern Recognition},
  Publisher                = {Springer},
  Year                     = {2010},
  Pages                    = {252--261}
}

@Article{Wah2011caltech,
  Title                    = {The caltech-ucsd birds-200-2011 dataset},
  Author                   = {Wah, Catherine and Branson, Steve and Welinder, Peter and Perona, Pietro and Belongie, Serge},
  Year                     = {2011},

  Publisher                = {California Institute of Technology}
}

@Article{Wang2015Places205,
  Title                    = {Places205-vggnet models for scene recognition},
  Author                   = {Wang, Limin and Guo, Sheng and Huang, Weilin and Qiao, Yu},
  Journal                  = {arXiv preprint arXiv:1508.01667},
  Year                     = {2015}
}

@Article{Wang2014Iteration,
  Title                    = {Iteration complexity of feasible descent methods for convex optimization.},
  Author                   = {Wang, Po-Wei and Lin, Chih-Jen},
  Journal                  = {Journal of Machine Learning Research},
  Year                     = {2014},
  Number                   = {1},
  Pages                    = {1523--1548},
  Volume                   = {15}
}

@Article{Xiang2015Efficient,
  Title                    = {Efficient nonconvex sparse group feature selection via continuous and discrete optimization },
  Author                   = {Shuo Xiang and Xiaotong Shen and Jieping Ye},
  Journal                  = {Artificial Intelligence },
  Year                     = {2015},
  Pages                    = {28 - 50},
  Volume                   = {224},

  Doi                      = {http://dx.doi.org/10.1016/j.artint.2015.02.008},
  ISSN                     = {0004-3702},
  Keywords                 = {Nonconvex optimization},
  Timestamp                = {2016.12.24}
}

@InProceedings{Xiao2010Sun,
  Title                    = {Sun database: Large-scale scene recognition from abbey to zoo},
  Author                   = {Xiao, Jianxiong and Hays, James and Ehinger, Krista A and Oliva, Aude and Torralba, Antonio},
  Booktitle                = {Computer vision and pattern recognition (CVPR), 2010 IEEE conference on},
  Year                     = {2010},
  Organization             = {IEEE},
  Pages                    = {3485--3492}
}

@Article{Yang2013Efficient,
  Title                    = {Efficient online learning for multitask feature selection},
  Author                   = {Yang, Haiqin and Lyu, Michael R and King, Irwin},
  Journal                  = {ACM Transactions on Knowledge Discovery from Data (TKDD)},
  Year                     = {2013},
  Number                   = {2},
  Pages                    = {6},
  Volume                   = {7},

  Publisher                = {ACM}
}

@Article{Yang2015efficient,
  Title                    = {An efficient primal dual prox method for non-smooth optimization},
  Author                   = {Yang, Tianbao and Mahdavi, Mehrdad and Jin, Rong and Zhu, Shenghuo},
  Journal                  = {Machine Learning},
  Year                     = {2015},
  Number                   = {3},
  Pages                    = {369--406},
  Volume                   = {98},

  Publisher                = {Springer}
}

@InProceedings{Yu2009Learning,
  Title                    = {Learning Structural SVMs with Latent Variables},
  Author                   = {Chun-Nam Yu and T. Joachims},
  Booktitle                = {International Conference on Machine Learning (ICML)},
  Year                     = {2009},

  Owner                    = {Lambor},
  Timestamp                = {2016.11.27}
}

@Article{Yu2011Dual,
  Title                    = {Dual coordinate descent methods for logistic regression and maximum entropy models},
  Author                   = {Yu, Hsiang-Fu and Huang, Fang-Lan and Lin, Chih-Jen},
  Journal                  = {Machine Learning},
  Year                     = {2011},
  Number                   = {1},
  Pages                    = {41--75},
  Volume                   = {85},

  Publisher                = {Springer}
}

@Article{Yuan2012Recent,
  Title                    = {Recent advances of large-scale linear classification},
  Author                   = {Yuan, Guo-Xun and Ho, Chia-Hua and Lin, Chih-Jen},
  Journal                  = {Proceedings of the IEEE},
  Year                     = {2012},
  Number                   = {9},
  Pages                    = {2584--2603},
  Volume                   = {100},

  Publisher                = {IEEE}
}

@InProceedings{Zhang2015Stochastic,
  Title                    = {Stochastic Primal-Dual Coordinate Method for Regularized Empirical Risk Minimization.},
  Author                   = {Zhang, Yuchen and Lin, Xiao},
  Booktitle                = {ICML},
  Year                     = {2015},
  Pages                    = {353--361},

  Groups                   = {SDCA}
}

@InProceedings{Zhang2010Probabilistic,
  author    = {Zhang, Yu and Yeung, Dit-Yan and Xu, Qian},
  title     = {Probabilistic multi-task feature selection},
  booktitle = {Advances in neural information processing systems},
  year      = {2010},
  pages     = {2559--2567},
  groups    = {L1inf},
}

@InProceedings{Zhou2014Learning,
  Title                    = {Learning deep features for scene recognition using places database},
  Author                   = {Zhou, Bolei and Lapedriza, Agata and Xiao, Jianxiong and Torralba, Antonio and Oliva, Aude},
  Booktitle                = {Advances in neural information processing systems},
  Year                     = {2014},
  Pages                    = {487--495}
}

@InCollection{Zhou1998Numerical,
  Title                    = {Numerical experiments for a class of squared smoothing Newton methods for box constrained variational inequality problems},
  Author                   = {Zhou, Guanglu and Sun, Defeng and Qi, Liqun},
  Booktitle                = {Reformulation: Nonsmooth, Piecewise Smooth, Semismooth and Smoothing Methods},
  Publisher                = {Springer},
  Year                     = {1998},
  Pages                    = {421--441}
}

@Article{Bagirov2010algorithm,
  author    = {Bagirov, Adil and Clausen, Conny and Kohler, Michael},
  title     = {An algorithm for the estimation of a regression function by continuous piecewise linear functions},
  journal   = {Computational Optimization and Applications},
  year      = {2010},
  volume    = {45},
  number    = {1},
  pages     = {159--179},
  publisher = {Springer},
}

@Article{Akata2014Good,
  author    = {Akata, Zeynep and Perronnin, Florent and Harchaoui, Zaid and Schmid, Cordelia},
  title     = {Good practice in large-scale learning for image classification},
  journal   = {IEEE Transactions on Pattern Analysis and Machine Intelligence},
  year      = {2014},
  volume    = {36},
  number    = {3},
  pages     = {507--520},
  publisher = {IEEE},
}

@InProceedings{Weston1999Support,
  author    = {Weston, Jason and Watkins, Chris and others},
  title     = {Support vector machines for multi-class pattern recognition.},
  booktitle = {ESANN},
  year      = {1999},
  volume    = {99},
  pages     = {219--224},
}

@InProceedings{Keerthi2008sequential,
  author       = {Keerthi, S Sathiya and Sundararajan, Sellamanickam and Chang, Kai-Wei and Hsieh, Cho-Jui and Lin, Chih-Jen},
  title        = {A sequential dual method for large scale multi-class linear SVMs},
  booktitle    = {Proceedings of the 14th ACM SIGKDD international conference on Knowledge discovery and data mining},
  year         = {2008},
  pages        = {408--416},
  organization = {ACM},
  groups       = {topk},
}

@Article{Dogan2016unified,
  author  = {Dogan, Ur{\"u}n and Glasmachers, Tobias and Igel, Christian},
  title   = {A unified view on multi-class support vector classification},
  journal = {Journal of Machine Learning Research},
  year    = {2016},
  volume  = {17},
  number  = {45},
  pages   = {1--32},
  groups  = {topk},
}

@Article{Sharan2009Material,
  author    = {Sharan, Lavanya and Rosenholtz, Ruth and Adelson, Edward},
  title     = {Material perception: What can you see in a brief glance?},
  journal   = {Journal of Vision},
  year      = {2009},
  volume    = {9},
  number    = {8},
  pages     = {784--784},
  publisher = {The Association for Research in Vision and Ophthalmology},
}

@Article{Duchi2009Efficient,
  author  = {Duchi, John and Singer, Yoram},
  title   = {Efficient online and batch learning using forward backward splitting},
  journal = {Journal of Machine Learning Research},
  year    = {2009},
  volume  = {10},
  number  = {Dec},
  pages   = {2899--2934},
  groups  = {L1inf},
}

@InProceedings{Zhang2012Robust,
  author       = {Zhang, Tianzhu and Ghanem, Bernard and Liu, Si and Ahuja, Narendra},
  title        = {Robust visual tracking via multi-task sparse learning},
  booktitle    = {Computer Vision and Pattern Recognition (CVPR), 2012 IEEE Conference on},
  year         = {2012},
  pages        = {2042--2049},
  organization = {IEEE},
  groups       = {L1inf},
}

@InCollection{Jia2010Factorized,
  author    = {Jia, Yangqing and Salzmann, Mathieu and Darrell, Trevor},
  title     = {Factorized Latent Spaces with Structured Sparsity},
  booktitle = {Advances in Neural Information Processing Systems 23},
  publisher = {Curran Associates, Inc.},
  year      = {2010},
  editor    = {J. D. Lafferty and C. K. I. Williams and J. Shawe-Taylor and R. S. Zemel and A. Culotta},
  pages     = {982--990},
}

@Article{Zhang2013Robust,
  author    = {Zhang, Tianzhu and Ghanem, Bernard and Liu, Si and Ahuja, Narendra},
  title     = {Robust visual tracking via structured multi-task sparse learning},
  journal   = {International journal of computer vision},
  year      = {2013},
  volume    = {101},
  number    = {2},
  pages     = {367--383},
  publisher = {Springer},
}

@InProceedings{Bach2010Structured,
  author    = {Bach, Francis R},
  title     = {Structured sparsity-inducing norms through submodular functions},
  booktitle = {Advances in Neural Information Processing Systems},
  year      = {2010},
  pages     = {118--126},
  groups    = {L1inf},
}

@Article{Rakotomamonjy2011ell,
  author    = {Rakotomamonjy, Alain and Flamary, R{\'e}mi and Gasso, Gilles and Canu, St{\'e}phane},
  title     = {$$\backslash$ell\_ $\{$p$\}$-$\backslash$ell\_ $\{$q$\}$ $ Penalty for Sparse Linear and Sparse Multiple Kernel Multitask Learning},
  journal   = {IEEE Transactions on Neural Networks},
  year      = {2011},
  volume    = {22},
  number    = {8},
  pages     = {1307--1320},
  groups    = {L1inf},
  publisher = {IEEE},
}

@InProceedings{Kim2012Groupa,
  author       = {Kim, Jingu and Monteiro, Renato DC and Park, Haesun},
  title        = {Group sparsity in nonnegative matrix factorization},
  booktitle    = {Proceedings of the 2012 SIAM International Conference on Data Mining},
  year         = {2012},
  pages        = {851--862},
  organization = {SIAM},
  groups       = {L1inf},
}

@Article{Guan2012MahNMF,
  author  = {Guan, Naiyang and Tao, Dacheng and Luo, Zhigang and Shawe-Taylor, John},
  title   = {MahNMF: Manhattan non-negative matrix factorization},
  journal = {arXiv preprint arXiv:1207.3438},
  year    = {2012},
  groups  = {L1inf},
}

@InProceedings{Liu2016Transductivea,
  author       = {Liu, Li-Ping and Dietterich, Thomas G and Li, Nan and Zhou, Zhi-Hua},
  title        = {Transductive optimization of top k precision},
  booktitle    = {Proceedings of the Twenty-Fifth International Joint Conference on Artificial Intelligence},
  year         = {2016},
  pages        = {1781--1787},
  organization = {AAAI Press},
  groups       = {topk},
}

@Article{Gupta2014Training,
  author  = {Gupta, Maya R and Bengio, Samy and Weston, Jason},
  title   = {Training highly multiclass classifiers.},
  journal = {Journal of Machine Learning Research},
  year    = {2014},
  volume  = {15},
  number  = {1},
  pages   = {1461--1492},
  groups  = {topk},
}

@InProceedings{Weston2011Wsabie,
  author    = {Weston, Jason and Bengio, Samy and Usunier, Nicolas},
  title     = {Wsabie: Scaling up to large vocabulary image annotation},
  booktitle = {IJCAI},
  year      = {2011},
  volume    = {11},
  pages     = {2764--2770},
  groups    = {topk},
}

@InProceedings{HadiKiapour2015Where,
  author    = {Hadi Kiapour, M and Han, Xufeng and Lazebnik, Svetlana and Berg, Alexander C and Berg, Tamara L},
  title     = {Where to buy it: Matching street clothing photos in online shops},
  booktitle = {Proceedings of the IEEE International Conference on Computer Vision},
  year      = {2015},
  pages     = {3343--3351},
  groups    = {topk},
}

@Article{Yan2017Top,
  author    = {Yan, Caixia and Luo, Minnan and Liu, Huan and Li, Zhihui and Zheng, Qinghua},
  title     = {Top-k multi-class SVM using multiple features},
  journal   = {Information Sciences},
  year      = {2017},
  groups    = {topk},
  publisher = {Elsevier},
}

@InCollection{NIPS2017_6653,
  author    = {Fan, Yanbo and Lyu, Siwei and Ying, Yiming and Hu, Baogang},
  title     = {Learning with Average Top-k Loss},
  booktitle = {Advances in Neural Information Processing Systems 30},
  publisher = {Curran Associates, Inc.},
  year      = {2017},
  editor    = {I. Guyon and U. V. Luxburg and S. Bengio and H. Wallach and R. Fergus and S. Vishwanathan and R. Garnett},
  pages     = {497--505},
  groups    = {topk},
}

@Article{Anonymous2018Smooth,
  author  = {Anonymous},
  title   = {Smooth Loss Functions for Deep Top-k Classification},
  journal = {International Conference on Learning Representations},
  year    = {2018},
  groups  = {topk},
}

@InProceedings{Cao2007Learning,
  author    = {Cao, Zhe and Qin, Tao and Liu, Tie-Yan and Tsai, Ming-Feng and Li, Hang},
  title     = {Learning to Rank: From Pairwise Approach to Listwise Approach},
  booktitle = {Proceedings of the 24th International Conference on Machine Learning},
  year      = {2007},
  series    = {ICML '07},
  pages     = {129--136},
  address   = {New York, NY, USA},
  publisher = {ACM},
  groups    = {topk},
  numpages  = {8},
}

@InProceedings{Niu2012Top,
  author       = {Niu, Shuzi and Guo, Jiafeng and Lan, Yanyan and Cheng, Xueqi},
  title        = {Top-k learning to rank: labeling, ranking and evaluation},
  booktitle    = {Proceedings of the 35th international ACM SIGIR conference on Research and development in information retrieval},
  year         = {2012},
  pages        = {751--760},
  organization = {ACM},
  groups       = {topk},
}

@InProceedings{Fan2017Self,
  author    = {Fan, Yanbo and He, Ran and Liang, Jian and Hu, Bao-Gang},
  title     = {Self-Paced Learning: An Implicit Regularization Perspective.},
  booktitle = {AAAI},
  year      = {2017},
  pages     = {1877--1883},
  groups    = {topk},
}

@InCollection{Ying2016Stochastic,
  author    = {Ying, Yiming and Wen, Longyin and Lyu, Siwei},
  title     = {Stochastic Online AUC Maximization},
  booktitle = {Advances in Neural Information Processing Systems 29},
  publisher = {Curran Associates, Inc.},
  year      = {2016},
  editor    = {D. D. Lee and M. Sugiyama and U. V. Luxburg and I. Guyon and R. Garnett},
  pages     = {451--459},
  groups    = {topk},
}

@InProceedings{Chang2017Robust,
  author       = {Chang, Xiaojun and Yu, Yao-Liang and Yang, Yi},
  title        = {Robust Top-k Multiclass SVM for Visual Category Recognition},
  booktitle    = {Proceedings of the 23rd ACM SIGKDD International Conference on Knowledge Discovery and Data Mining},
  year         = {2017},
  pages        = {75--83},
  organization = {ACM},
  groups       = {topk},
}

@InProceedings{Kar2015Surrogatea,
  author    = {Kar, Purushottam and Narasimhan, Harikrishna and Jain, Prateek},
  title     = {Surrogate functions for maximizing precision at the top},
  booktitle = {International Conference on Machine Learning},
  year      = {2015},
  pages     = {189--198},
  groups    = {topk},
}

@InProceedings{Shalev-Shwartz2016Minimizing,
  author    = {Shalev-Shwartz, Shai and Wexler, Yonatan},
  title     = {Minimizing the maximal loss: How and why},
  booktitle = {International Conference on Machine Learning},
  year      = {2016},
  pages     = {793--801},
  groups    = {topk},
}

@InProceedings{You2016Top,
  author    = {You, Jinjie and Wu, Ancong and Li, Xiang and Zheng, Wei-Shi},
  title     = {Top-push video-based person re-identification},
  booktitle = {Proceedings of the IEEE Conference on Computer Vision and Pattern Recognition},
  year      = {2016},
  pages     = {1345--1353},
  groups    = {topk},
}

@InProceedings{Kadkhodaie2015Accelerated,
  author       = {Kadkhodaie, Mojtaba and Christakopoulou, Konstantina and Sanjabi, Maziar and Banerjee, Arindam},
  title        = {Accelerated alternating direction method of multipliers},
  booktitle    = {Proceedings of the 21th ACM SIGKDD International Conference on Knowledge Discovery and Data Mining},
  year         = {2015},
  pages        = {497--506},
  organization = {ACM},
}

@Article{Li2017Improving,
  author  = {Li, Yuncheng and Song, Yale and Luo, Jiebo},
  title   = {Improving Pairwise Ranking for Multi-label Image Classification},
  journal = {arXiv preprint arXiv:1704.03135},
  year    = {2017},
  groups  = {topk},
}

@InProceedings{Bartlett2004Large,
  author    = {Bartlett, Peter L and Jordan, Michael I and McAuliffe, Jon D},
  title     = {Large margin classifiers: convex loss, low noise, and convergence rates},
  booktitle = {Advances in Neural Information Processing Systems},
  year      = {2004},
  pages     = {1173--1180},
}
